@misc{opendatahandbook,
  title={Open Data Handbook},
  author={Daniel Dietrich and Jonathan Gray and Tim McNamara and Antti Poikola, Rufus Pollock and Julian Tait and Ton Zijlstra},
  year={2016},
  url = {http://opendatahandbook.org/},
  
}

@article{linkeddatasofar,
  title={Linked Data - The Story So Far},
  author={Arshad, Naveed and Heimbigner, Dennis and Wolf, Alexander L},
  journal={Software Quality Journal},
  volume={15},
  number={3},
  pages={265-281},
  year={2007},
  publisher={Springer}
}

@article{opendataunlockinginnovation,
  title={ Open data: Unlocking innovation and performance with liquid information},
  author={James Manyika and Michael Chui and Peter Farrell and Steve Van Kuiken and Diana Farrell and Elizabeth Almasi Doshi},
  year={2013},
  month = {October},
  publisher={McKinsey Global Institute}
}


@article{howlinkeddataistransforminggovernment,
  title={How Linked Data is transforming eGovernment},
  author={ISA Programme by PwC EU Services EESV},
  year={2004},
  publisher={ISA from European Commission}
}

@inproceedings{ligthweightopendatatransformation,
  title={Lightweight Transformation of Tabular Open Data to RDF},
  author={ Miel Vander Sande and Laurens De Vocht and Davy Van Deursen and Erik Mannens and Rik Van de Walle},
  booktitle={I-SEMANTICS 2012 Posters and Demonstrations Track},
  pages={38-42},
  year={2012}
}

@inproceedings{towardsopendatadevelopmentmodelforlinkeddata,
  title={Towards an Open Data Development Model for Linking Heterogeneous Data Sources},
  author={ Sulayum K. Sowe and Koli Zettsu},
  booktitle={Knowledge and Systems Engineering (KSE), 2015 Seventh International Conference on},
  pages={344-347},
  year={2015},
  publisher={IEEE}
}

@article{datapreparationfordatamining,
  title={Data Preparation for Data Mining},
  author={Schichao Zhang and Chengqi Zhang},
  journal={Applied Artificial Intelligence},
  volume={17},
  pages={375--381},
  year={2003},
  publisher={Taylor and Francis},
  doi ={10.1080/08839510390219264}
}


@misc{opendefinition,
  title={Open Definition 2.1},
  author={Open Knowledge Foundation},
  year={2016},
  url = {http://opendefinition.org/od/2.1/en/},
}



@misc{rdfdefinition,
  title={Resource Description Framework (RDF): Concepts and Abstract Syntax},
  author={Klyne G. and Carroll J.},
  year={2009},
  url = {http://www.w3.org/TR/rdf-concepts/},
}

@misc{rdfsdefinition,
  title={RDF Vocabulary Description Language 1.1: RDF Schema - W3C Recommendation.},
  author={Dan Brickley and R.v Guha},
  month = {February},
  year={ 2014},
  url = {http://www.w3.org/TR/rdf-schema/},
}


@misc{owldefinition,
  title={OWL Web Ontology Language },
  author={Deborah L. McGuinness and Frank van Harmelen},
  month = {February},
  year={2004},
  url = {https://www.w3.org/TR/owl-features/},
}

@book{linkedopendata,
  title={Linked Open Data: The Essentials},
  author={Florian Bauer and Martin Kaltenböck},
  year={1991},
  publisher={edition mono/monochorm, Vienna, Austria}
}

@inproceedings{collaborativeopendataversioning,
  title={Collaborative Open Data Versioning:A Pragmatic Approach Using Linked Data},
  author={Lorenzo Canova and Simone Basso and Raimondo Lemma and Federico Morando},
  booktitle={CeDEM15 - Conference for E-Democracy and Open Government},
  pages={171-183},
  month={May},
  year={2015},
  publisher={Edition Donau- Universität Krems}
}


@inproceedings{datagraftsimplyfyingopendatapublishing,
  title={DataGraft: Simplyfying Open Data Publishing},
  author={Dumitru Roman and Marin Dimitrov and Nikolay Nikolov and Antonie Putlier and Dina Sukhobok and Brain  Elvesæter and Arne Berre and Xianglin Ye and Alex Simov and Yavor Petkov},
  booktitle={13th European Semantic Web Conference (ESWC 2016)},
  year={2016},
  publisher={Springer}
}

@misc{datacleasingtransformationtools,
  title={Data Cleansing and Transformation - Tools },
  author={Helena Galhardas},
  month = {February},
  year={2004},
  url = {https://www.w3.org/TR/owl-features/},
}

@inproceedings{declarativedatacleaning,
  title={Declarative Data Cleaning: Language, Model, and Algorithms },
  author={Helena Galhardas and Daniela Florescu and Dennis Shasha and Eric Simon and Cristain-Augustin Saita},
  booktitle={Proceedings of the 27th International Conference on Very Large Data Bases},
  pages ={371-380},
  month = {October},
  year={2001},
  publisher={Morgan Kaufmann Publishers Inc.}
}

@inproceedings{datacleaningprobsandapproaches,
  title={Data Cleaning: Problems and Current Approaches},
  author={Erhard Rahm and Hong Hai Ro},
  booktitle={Bulletin of the Technical Committee on Data Engineering - IEEE Computer Society},
  volume = {23},
  pages = {3-13},
  year={2000},
  publisher={IEEE}
}


@article{cleaningprobsandapproaches,
  title={An Interactive Framework for Data Cleaning},
  author={Vijayshankar Raman, Joseph M. Hellerstein},
  month = {September},
  year={2000},
  publisher={University of California at Berkeley Berkeley, CA, USA}
}

@inproceedings{ETL,
  title={EXTRACTION, TRANSFORMATION, AND LOADING},
  author={Panos Vassiliadis and Alkis Simitsis},
  booktitle={Encyclopedia of Database Systems},
  month = {September},
  pages={1095-1101},
  year={2009},
  doi={10.1007/978-0-387-39940-9_158},
  publisher={Springer}
}

@inproceedings{visualizationsandtransformationsinwrangling,
  title={Research directions on data wrangling: Visualizations and transformations for usable and credible data},
  author={Sean Kandel and Jeffrey Heer and Catherine Plaisant and Jessie Kennedy and Frank van Ham and Nathalie Henry Riche and Chris Weaver and Bongshin Lee and Dominique Brodbeck and Paulo Buono},
 journal={Information Visualization - Special issue on State of the Field and New Research Directions},
  volume ={10},
  issue = {4},
  month = {October},
  pages={271-288},
  year={2011},
  doi={10.1177/1473871611415994},
  publisher={Palgrave Macmillan}
}

@inproceedings{Wisteria,
  title={Wisteria: Nurturing Scalable Data Cleaning Infrastructure},
  author={Daniel Haas and Sanjay Krishnan and Jiannan Wang and Michael j. Flanklin and Eugene Wu},
 journal={Proceedings of the VLDB Endowment - Proceedings of the 41st International Conference on Very Large Data Bases},
  volume ={8},
  issue = {12},
  month = {August},
  pages={2004-2007},
  year={2015},
  doi={10.14778/2824032.2824122},
  publisher={VLDB Endowment}
}

@article{journals/corr/KrishnanW0FG16,
  added-at = {2016-02-01T00:00:00.000+0100},
  author = {Krishnan, Sanjay and Wang, Jiannan and Wu, Eugene and Franklin, Michael J. and Goldberg, Ken},
  biburl = {http://www.bibsonomy.org/bibtex/2005c26913afa397ce135869158c00d27/dblp},
  ee = {http://arxiv.org/abs/1601.03797},
  interhash = {8d83e23418290728bf595e92dd64c692},
  intrahash = {005c26913afa397ce135869158c00d27},
  journal = {CoRR},
  keywords = {dblp},
  timestamp = {2016-02-03T11:40:14.000+0100},
  title = {ActiveClean: Interactive Data Cleaning While Learning Convex Loss Models.},
  url = {http://dblp.uni-trier.de/db/journals/corr/corr1601.html#KrishnanW0FG16},
  volume = {abs/1601.03797},
  year = 2016
}

@article{nemreport,
  title={Big and Open Data Position},
  author={Networked and Electronic Media},
  month = {December},
  year={2013},
  publisher={Networked and Electronic Media}
}

@article{journals/corr/KrishnanW0FG16,
  added-at = {2016-02-01T00:00:00.000+0100},
  author = {Krishnan, Sanjay and Wang, Jiannan and Wu, Eugene and Franklin, Michael J. and Goldberg, Ken},
  biburl = {http://www.bibsonomy.org/bibtex/2005c26913afa397ce135869158c00d27/dblp},
  ee = {http://arxiv.org/abs/1601.03797},
  interhash = {8d83e23418290728bf595e92dd64c692},
  intrahash = {005c26913afa397ce135869158c00d27},
  journal = {CoRR},
  keywords = {dblp},
  timestamp = {2016-02-03T11:40:14.000+0100},
  title = {ActiveClean: Interactive Data Cleaning While Learning Convex Loss Models.},
  url = {http://dblp.uni-trier.de/db/journals/corr/corr1601.html#KrishnanW0FG16},
  volume = {abs/1601.03797},
  year = 2016
}

@inproceedings{2011-wrangler,
    author = {Kandel, Sean and Paepcke, Andreas and Hellerstein, Joseph and Heer, Jeffrey},
    booktitle = {ACM Human Factors in Computing Systems (CHI)},
    citeulike-article-id = {8865249},
    citeulike-linkout-0 = {http://vis.stanford.edu/papers/wrangler},
    comment = {Very nice algorithm for selecting possible transformations based on selection.},
    keywords = {biokarma, mashup},
    posted-at = {2011-02-24 18:26:36},
    priority = {0},
    title = {{Wrangler: Interactive Visual Specification of Data Transformation Scripts}},
    url = {http://vis.stanford.edu/papers/wrangler},
    year = {2011}
}

@INPROCEEDINGS{Keim08visualanalytics:,
    author = {Daniel Keim and Gennady Andrienko and Jean-daniel Fekete and Jörn Kohlhammer and F- Orsay Cedex},
    title = {Visual analytics: Definition, process, and challenges},
    booktitle = {Information Visualization: Human-Centered Issues and Perspectives},
    year = {2008},
    pages = {154--175}
}

@MISC{Hellerstein08quantitativedata,
    author = {Joseph M. Hellerstein},
    title = {Quantitative Data Cleaning for Large Databases},
    year = {2008}
}

@inproceedings{mesa,
title = {Mesa: Geo-Replicated, Near Real-Time, Scalable Data Warehousing},
author  = {Ashish Gupta and Fan Yang and Jason Govig and Adam Kirsch and Kelvin Chan and Kevin  Lai and Shuo  Wu and Sandeep  Dhoot and Abhilash  Kumar and Ankur  Agiwal and Sanjay  Bhansali and Mingsheng  Hong and Jamie  Cameron and Masood  Siddiqi and David  Jones and Jeff  Shute and Andrey  Gubarev and Shivakumar  Venkataraman and Divyakant  Agrawal},
year  = 2014,
booktitle = {VLDB}
}

@article{openrefine,
  title={Using OpenRefine},
  author={Verborgh R. and De Wilde M},
  year={2013},
  publisher={Packt Publishing Ltd}
}
@inproceedings{karma,
Author = {Shubham Gupta and Pedro Szekely and Craig Knoblock and Aman Goel and Mohsen Taheriyan and Maria Muslea},
Title = {Karma: A System for Mapping Structured Sources into the Semantic Web},
Booktitle = {9th Extended Semantic Web Conference (ESWC2012)},
Year = {2012},
Month = {May},
Url = {http://data.semanticweb.org/conference/eswc/2012/paper/demonstation/357}
}






@incollection{elmroth2011self,
  title={Self-management challenges for multi-cloud architectures},
  author={Elmroth, Erik and Tordsson, Johan and Hern{\'a}ndez, Francisco and Ali-Eldin, Ahmed and Sv{\"a}rd, Petter and Sedaghat, Mina and Li, Wubin},
  booktitle={Towards a Service-Based Internet},
  pages={38--49},
  year={2011},
  language = {English},
  publisher={Springer US
}

@TechReport{CAMP-v1.1,
author = {Jacques Durand, Adrian
Otto, Gilbert Pilz, and Tom Rutt},
title = {Cloud Application Management for Platforms Version 1.1},
institution = {OASIS},
year = {2014},
OPTmonth = {November},
OPTnote = {OASIS Committee Specification 01.
http://docs.oasis-open.org/camp/camp-spec/v1.1/cs01/camp-spec-v1.1-cs01.html. Latest version:
http://docs.oasis-open.org/camp/camp-spec/v1.1/camp-spec-v1.1.html.}
}



@inproceedings{INPROC-2013-45,
   author = {Tobias Binz and Uwe Breitenb{\"u}cher and Florian Haupt and Oliver Kopp and Frank Leymann and Alexander Nowak and Sebastian Wagner},
   title = {{OpenTOSCA - A Runtime for TOSCA-based Cloud Applications}},
   booktitle = {Proceedings of 11th International Conference on Service-Oriented Computing (ICSOC'13)},
   publisher = {Springer Berlin Heidelberg},
   institution = {University of Stuttgart, Faculty of Computer Science, Electrical Engineering, and Information Technology, Germany},
   series = {LNCS},
   volume = {8274},
   pages = {692--695},
   type = {Demonstration},
   month = {December},
   year = {2013},
   doi = {10.1007/978-3-642-45005-1_62},
   keywords = {TOSCA; Cloud Applications; Automation; Management; Portability},
   language = {English},
   cr-category = {K.1 The Computer Industry,
	               K.6.4 System Management,
	               D.2.12 Software Engineering Interoperability},
   contact = {a href=``http://www.iaas.uni-stuttgart.de/institut/mitarbeiter/binz''Tobias Binz/ a},
   department = {University of Stuttgart, Institute of Parallel and Distributed Systems, Applications of Parallel and Distributed Systems;
	              University of Stuttgart, Institute of Architecture of Application Systems},
   abstract = {TOSCA is a new standard facilitating platform independent description of Cloud
      applications. OpenTOSCA is a runtime for TOSCA-based Cloud applications. The
      runtime enables fully automated plan-based deployment and management of
      applications defined in the OASIS TOSCA packaging format CSAR. This paper
      outlines the core concepts of TOSCA and provides a system overview on OpenTOSCA
      by describing its modular and extensible architecture, as well as presenting
      our prototypical implementation. We demonstrate the use of OpenTOSCA by
      deploying and instantiating the school management and learning application
      Moodle.},
   url = {http://www2.informatik.uni-stuttgart.de/cgi-bin/NCSTRL/NCSTRL_view.pl?id=INPROC-2013-45&engl=1}
}

@article{arshad2007deployment,
  title={Deployment and dynamic reconfiguration planning for distributed software systems},
  author={Arshad, Naveed and Heimbigner, Dennis and Wolf, Alexander L},
  journal={Software Quality Journal},
  volume={15},
  number={3},
  pages={265--281},
  year={2007},
  publisher={Springer}
}

@inproceedings{michael2007scale,
  title={Scale-up x scale-out: A case study using nutch/lucene},
  author={Michael, Maged and Moreira, Jose E and Shiloach, Doron and Wisniewski, Robert W},
  booktitle={Parallel and Distributed Processing Symposium, 2007. IPDPS 2007. IEEE International},
  pages={1--8},
  year={2007},
  organization={IEEE}
}

@inproceedings{herbst2013elasticity,
  title={Elasticity in Cloud Computing: What It Is, and What It Is Not.},
  author={Herbst, Nikolas Roman and Kounev, Samuel and Reussner, Ralf},
  booktitle={ICAC},
  pages={23--27},
  year={2013}
}

@InProceedings{FerrySongRCS14,
  title = {{CloudMF: Applying MDE to Tame the Complexity of Managing Multi-Cloud Applications}},
  author = {Nicolas Ferry and Hui Song and Alessandro Rossini and Franck Chauvel and Arnor Solberg},
  booktitle = {Proceedings of UCC 2014: 7th IEEE/ACM International Conference on Utility and Cloud   Computing},
  year = {2014},
  editor = {Randall Bilof},
  pages = {269-277},
  publisher = {IEEE Computer Society},
  doi = {10.1109/UCC.2014.36}
}

@inproceedings{Breitenbuecher2014,
author = {Uwe Breitenb\"ucher and Tobias Binz and K\'{a}lm\'{a}n K\'{e}pes
and Oliver Kopp and Frank Leymann and Johannes Wettinger},
title = {Combining Declarative and Imperative Cloud Application
Provisioning based on TOSCA},
booktitle = {Proceedings of the IEEE International Conference on Cloud
Engineering (IEEE IC2E 2014)},
year = {2014},
month = {March},
pages = {87--96},
doi = {DOI 10.1109/IC2E.2014.56},
publisher = {IEEE Computer Society}
}

@inproceedings{fitzgerald2014continuous,
  title={Continuous software engineering and beyond: trends and challenges},
  author={Fitzgerald, Brian and Stol, Klaas-Jan},
  booktitle={Proceedings of the 1st International Workshop on Rapid Continuous Software Engineering},
  pages={1--9},
  year={2014},
  organization={ACM}
}

@article{von2004design,
  title={Design science in information systems research},
  author={von Alan, R Hevner and March, Salvatore T and Park, Jinsoo and Ram, Sudha},
  journal={MIS quarterly},
  volume={28},
  number={1},
  pages={75--105},
  year={2004},
  publisher={Springer}
}

@inproceedings{juve2011automating,
  title={Automating application deployment in infrastructure clouds},
  author={Juve, Gideon and Deelman, Ewa},
  booktitle={Cloud Computing Technology and Science (CloudCom), 2011 IEEE Third International Conference on},
  pages={658--665},
  year={2011},
  organization={IEEE}
}

@inproceedings{konstantinou2009architecture,
  title={An architecture for virtual solution composition and deployment in infrastructure clouds},
  author={Konstantinou, Alexander V and Eilam, Tamar and Kalantar, Michael and Totok, Alexander A and Arnold, William and Snible, Edward},
  booktitle={Proceedings of the 3rd international workshop on Virtualization technologies in distributed computing},
  pages={9--18},
  year={2009},
  organization={ACM}
}

@incollection{amedro2010efficient,
  title={An efficient framework for running applications on clusters, grids, and clouds},
  author={Amedro, Brian and Baude, Fran{\c{c}}oise and Caromel, Denis and Delb{\'e}, Christian and Filali, Imen and Huet, Fabrice and Mathias, Elton and Smirnov, Oleg},
  booktitle={Cloud Computing},
  pages={163--178},
  year={2010},
  publisher={Springer}
}

@article{petcu2014consuming,
  title={Consuming resources and services from multiple clouds},
  author={Petcu, Dana},
  journal={Journal of Grid Computing},
  volume={12},
  number={2},
  pages={321--345},
  year={2014},
  publisher={Springer}
}

@article{juniormodel,
  title={Model-based Approach to Automatic Software Deployment in Cloud},
  author={Junior, Franklin Magalh{\~a}es Ribeiro and da Rocha, Tarc{\'\i}sio}
}

@TechReport{TOSCA-Simple-Profile-YAML-v1.0,
author = {Derek Palma, Matt Rutkowski, and
Thomas Spatzier},
title = {TOSCA Simple Profile in YAML Version 1.0},
institution = {OASIS},
year = {2015},
OPTmonth = {April},
OPTnote = {OASIS Committee Specification Draft 03. http://docs.oasisopen.org/tosca/TOSCA-Simple-Profile-YAML/v1.0/csd03/TOSCA-Simple-Profile-YAML-v1.0-
csd03.html. Latest version: http://docs.oasis-open.org/tosca/TOSCA-Simple-ProfileYAML/v1.0/TOSCA-Simple-Profile-YAML-v1.0.html.}
}

@INPROCEEDINGS{ShaoWeiWM10,
  author = {Jin Shao and Hao Wei and Qianxiang Wang and Hong Mei},
  title = {{A Runtime Model Based Monitoring Approach for Cloud}},
  booktitle = {CLOUD 2010: 3rd IEEE International Conference on Cloud Computing},
  year = {2010},
  pages = {313-320},
  publisher = {IEEE},
  doi = {10.1109/CLOUD.2010.31},
  isbn = {978-1-4244-8207-8}
}

@InProceedings{Frog,
author = {Antonis Papaioannou, Damianos Metallidis and Kostas Magoutis},
title = {Cross-layer Management of Distributed Applications on Multi-Clouds},
booktitle = {IFIP/IEEE International Symposium on Integrated Network Management (IM'2015)},
year = {2015},
month = {May}
}

@article{goldsack2009smartfrog,
  title={The SmartFrog configuration management framework},
  author={Goldsack, Patrick and Guijarro, Julio and Loughran, Steve and Coles, Alistair and Farrell, Andrew and Lain, Antonio and Murray, Paul and Toft, Peter},
  journal={ACM SIGOPS Operating Systems Review},
  volume={43},
  number={1},
  pages={16--25},
  year={2009},
  publisher={ACM}
}

@article{murata1989petri,
  title={Petri nets: Properties, analysis and applications},
  author={Murata, Tadao},
  journal={Proceedings of the IEEE},
  volume={77},
  number={4},
  pages={541--580},
  year={1989},
  publisher={IEEE}
}

@article{chinosi2012bpmn,
  title={BPMN: An introduction to the standard},
  author={Chinosi, Michele and Trombetta, Alberto},
  journal={Computer Standards \& Interfaces},
  volume={34},
  number={1},
  pages={124--134},
  year={2012},
  publisher={Elsevier}
}

@article{JOT:issue_2003_07/column3,
  author = {Conrad Bock},
  title = {UML 2 Activity and Action Models},
  note = {(column)},
  journal = {Journal of Object Technology},
  volume = {2},
  number = {4},
  issn = {1660-1769},
  year = {2003},
  month = jul,
  pages = {43-53},
  doi = {10.5381/jot.2003.2.4.c3},
  url = {http://www.jot.fm/contents/issue_2003_07/column3.html}
}

@book{jensen1991coloured,
  title={Coloured Petri nets: A high level language for system design and analysis},
  author={Jensen, Kurt},
  year={1991},
  publisher={Springer}
}

@article{geambacsu2012bpmn,
  title={BPMN vs. UML Activity Diagram for Business Process Modeling},
  author={GEAMBA{\c{S}}U, Cristina Venera},
  journal={AMIS 2012},
  pages={934},
  year={2012}
}

@inproceedings{storrle2004semantics,
  title={semantics of uml 2.0 activities},
  author={St{\"o}rrle, Harald and Hausmann, JH},
  booktitle={Proceedings of the IEEE Symposium on Visual Languages and Human-Centric Computing},
  year={2004}
}

@incollection{hinz2005transforming,
  title={Transforming BPEL to Petri nets},
  author={Hinz, Sebastian and Schmidt, Karsten and Stahl, Christian},
  booktitle={Business Process Management},
  pages={220--235},
  year={2005},
  publisher={Springer}
}

@inproceedings{zur2008much,
  title={How much language is enough? Theoretical and practical use of the business process modeling notation},
  author={Zur Muehlen, Michael and Recker, Jan},
  booktitle={Advanced information systems engineering},
  pages={465--479},
  year={2008},
  organization={Springer}
}

@inproceedings{ouvans2006bpmn,
  title={From BPMN process models to BPEL web services},
  author={Ouvans, C and Dumas, Marlon and Ter Hofstede, Arthur HM and van der Aalst, Wil MP},
  booktitle={Web Services, 2006. ICWS'06. International Conference on},
  pages={285--292},
  year={2006},
  organization={IEEE}
}

@inproceedings{kent2002model,
  title={Model driven engineering},
  author={Kent, Stuart},
  booktitle={Integrated formal methods},
  pages={286--298},
  year={2002},
  organization={Springer}
}

@book{fowler2010domain,
  title={Domain-specific languages},
  author={Fowler, Martin},
  year={2010},
  publisher={Pearson Education}
}

@inproceedings{akeila2010object,
  title={Object oriented parallelisation of graph algorithms using parallel iterator},
  author={Akeila, Lama and Sinnen, Oliver and Humadi, Wafaa},
  booktitle={Proceedings of the Eighth Australasian Symposium on Parallel and Distributed Computing-Volume 107},
  pages={41--50},
  year={2010},
  organization={Australian Computer Society, Inc.}
}









